%============ Bibliography Syntaxe ============%
%      Just follow examples written below      %
%==============================================%
% (1) DOORBA (2017), adresse:

@electronic{webArticle1,
  author        = "Michael Shell",
  title         = "{IEEE}tran Homepage",
  url           = "http://www.michaelshell.org/tex/ieeetran/",
  year          = "Jan. 2007",
  note          = "[Accès le 5-Février-2016]"
}
% (2) Magnolia CMS (2017), adresse: https://documentation.magnolia-cms.com/

%% You must use a backslash before special characters such as underscores, etc. in URLs
@electronic{webArticle2,
  author        = " Christoph Meier",
  title         = "Magnolia CORE 5.5 documentation",
  url           = "https://documentation.magnolia-cms.com/",
  year          = "Mai. 2017",
  note          = "[Accès Juin-2017]"
}
% (3) E-learning (2017), adresse: http://docplayer.fr/45348824-Goste-environnement-d-entrainement-de-simulation-oriente-groupe-sur-web.html

@electronic{webArticle3,
  author        = " Bousbia Salah Souad",

  title         = "GOSTE  (Environnement d’entrainement de Simulation Orienté Groupe)  sur web",
  url           = "http://docplayer.fr/45348824-Goste-environnement-d-entrainement-de-simulation-oriente-groupe-sur-web.html",
  year          = "2016",
  note          = "[Accès le Mai-2017]"
}
% (4) SCRUM (2017), adresse: http://www.agiliste.fr/le-blog/page/4/

@electronic{webArticle4,
  author        = "Lothon Florent",
  organization  = "Organisme",
  title         = "Les évolutions de Scrum de 2011 et 2013",
  url           = "http://www.agiliste.fr/le-blog/page/4/",
  year          = "Sep. 2013",
  note          = "[Accès Fevrier-2017]"
}
% (5) GIT(2017), adresse: https://git-scm.com/book/fr/v1/D%C3%A9marrage-rapide-%C3%80-propos-de-la-gestion-de-version
@electronic{webArticle5,
  author        = "",
  organization  = "Git",
  title         = "À propos de la gestion de version",
  url           = "https://git-scm.com/book/fr/v1/D%C3%A9marrage-rapide-%C3%80-propos-de-la-gestion-de-version",
  year          = "2017",
  note          = "[Accès le 19-Janvier-2016]"
}

% (6) HIPCHAT (2017), adresse: http://macgeneration2.rssing.com/chan-5524076/all_p193.html
@electronic{webArticle6,
  author        = "Nicolas Furno",
  title         = "HipChat : discussions instantanées pour les pros",
  url           = "http://macgeneration2.rssing.com/chan-5524076/all_p193.html",
  year          = "2013",
  note          = "[Accès Mai-2017]"
  
  % (7) Diagramme de classes (2017), adresse : http://laurent-audibert.developpez.com/Cours-UML/?page=diagramme-classes

}@electronic{webArticle7,
  author        = "Laurent AUDIBERT",
  title         = "UML 2 De l'apprentissage à la pratique ",
  url           = "http://laurent-audibert.developpez.com/Cours-UML/?page=diagramme-classes",
  year          = "2013",
  note          = "[Accès Mai-2017]"
  
  
  % (8) Diagramme de séquences (2017), adresse : http://laurent-audibert.developpez.com/Cours-UML/?page=diagrammes-interaction

}@electronic{webArticle8,
  author        = "AUDIBERT",
  title         = "UML 2 De l'apprentissage à la pratique",
  url           = "http://laurent-audibert.developpez.com/Cours-UML/?page=diagrammes-interaction",
  year          = "2013",
  note          = "[Accès Mai-2017]"
  
  
  % (9) Diagramme de déploiement (2017), adresse : http://laurent-audibert.developpez.com/Cours-UML/?page=diagrammes-composants-deploiement#L8-3

}@electronic{webArticle9,
  author        = "Laurent AUDIBERT",
  title         = "UML 2 De l'apprentissage à la pratique",
  url           = "http://laurent-audibert.developpez.com/Cours-UML/?page=diagrammes-composants-deploiement#L8-3",
  year          = "2013",
  note          = "[Accès Juin-2017]"
  
  % (10) MVC (2017), adresse : http://www.liafa.jussieu.fr/~carton/Enseignement/InterfacesGraphiques/MasterInfo/Cours/Swing/mvc.html

}@electronic{webArticle10,
  author        = "",
  title         = "Architecture Modèle/Vue/Contrôleur",
  url           = "http://www.exemple-lien.org/article/?id\_art=124",
  year          = "2006",
  note          = "[Accès Mars-2017]"
  
  %(11) IntelliJ Idea (2017), adresse: http://www.clubic.com/telecharger-fiche430811-intellij-idea.html
}@electronic{webArticle11,
  author        = "JetBrains",
  title         = "IntelliJ IDEA ",
  url           = "http://www.clubic.com/telecharger-fiche430811-intellij-idea.html",
  year          = "2016",
  note          = "[Accès Mars-2017]"
}

% (12) Java (2017), adresse: http://ipeti.forumpro.fr/t21-definition-de-langage-java-java-script
@electronic{webArticle12,
  author        = "NOM Auteur",
  organization  = "Organisme",
  title         = "Définition de Langage JAVA & JAVA SCRIPT",
  url           = "http://ipeti.forumpro.fr/t21-definition-de-langage-java-java-script",
  year          = "Jan. 2008",
  note          = "[Accès Fevrier-2017]"
}
% (13) Maven (2017), adresse: http://skebir.developpez.com/tutoriels/java/ant/

@electronic{webArticle13,
  author        = "Selim KEBIR",
  title         = "Prise en main d'Ant",
  url           = "http://skebir.developpez.com/tutoriels/java/ant/",
  year          = "octobre 2008",
  note          = "[Accès Mars-2017]"
}

% (14) Spring (2017), adresse: https://lipn.univ-paris13.fr/~fortier/Wiki/index.php?n=Enseignement.Spring
@electronic{webArticle14,
  author        = "Michael Fortier",
  title         = "Spring",
  url           = "https://lipn.univ-paris13.fr/~fortier/Wiki/index.php?n=Enseignement.Spring",
  year          = "",
  note          = "[Accès Fevrier-2017]"
}
% (15) Bower (2017), adresse: http://www.lemondeinformatique.fr/actualites/lire-10-projets-open-source-a-suivre-cette-annee-52326.html

@electronic{webArticle15,
  author        = "Jean Elyan ",
 
  title         = "10 projets Open Source à suivre cette année",
  url           = "http://www.lemondeinformatique.fr/actualites/lire-10-projets-open-source-a-suivre-cette-annee-52326.html",
  year          = "2013",
  note          = "[Accès Fevrier-2017]"
}
% (16) Grunt (2017), adresse: http://www.developpez.com/actu/105698/Les-dix-tendances-emergentes-de-codage-que-tout-developpeur-devrait-savoir-d-apres-le-directeur-d-un-cabinet-de-recrutement-britannique/

@electronic{webArticle16,
  author        = "Coriolan",
  title         = "Les dix tendances émergentes de codage que tout développeur devrait savoir",
  url           = "http://www.exemple-lien.org/article/?id\_art=124",
  year          = "24 octobre 2016",
  note          = "[Accès Avril-2017]"
}

% (17) NPM (2017), adresse: https://www.npmjs.com/package/npm

@electronic{webArticle17,
  author        = "",
  organization  = "NPM",
  title         = "npm",
  url           = "https://www.npmjs.com/package/npm",
  year          = "",
  note          = "[Accès June-2017]"
}

% (18) HTML5 (2017), adresse : http://www.w3.org/TR/html5/

@electronic{webArticle18,
  author        = "",
  organization  = "W3C Recommendation",
  title         = "HTML5 A vocabulary and associated APIs for HTML and XHTML",
  url           = "http://www.w3.org/TR/html5/",
  year          = "28 October 2014",
  note          = "[Accès Mai-2017]"
}

% (19) CSS (2017), adresse : http://www.w3.org/Style/CSS/

@electronic{webArticle19,
  author        = "",
  organization  = "W3C Recommendation",
  title         = "Cascading Style Sheets",
  url           = "http://www.w3.org/Style/CSS/",
  year          = "2017",
  note          = "[Accès Mai-2017]"
}

% (20) Sass (2017), adresse: https://www.supinfo.com/articles/single/3657-less-sass
@electronic{webArticle20,
  author        = "Clelia PELLETERET",
  
  title         = "Less ou Sass",
  url           = "https://www.supinfo.com/articles/single/3657-less-sass",
  year          = "Nov. 2016",
  note          = "[Accès Mai-2017]"
}

% (21) jQuery (2017), adresse: http://jquery.com/
@electronic{webArticle21,
  author        = "",
  organization  = "jquery",
  title         = "jWhat is jQuery?",
  url           = "http://jquery.com/",
  year          = "2017",
  note          = "[Accès Mai-2017]"
}

% (22) Handlebars (2017), adresse: http://www.definition-dictionnaire.com/handlebars

@electronic{webArticle22,
  author        = "",
  organization  = "definition-dictionnaire.com",
  title         = "Définition et sens de handlebars",
  url           = "http://www.definition-dictionnaire.com/handlebars",
  year          = "",
  note          = "[Accès Mai-2017]"
}
% (23) Atomic Design (2017), adresse: http://www.24joursdeweb.fr/2013/le-design-atomique/
@electronic{webArticle23,
  author        = "Léo Le Bras",
  
  title         = "Le Design Atomique",
  url           = "http://www.24joursdeweb.fr/2013/le-design-atomique/",
  year          = "Dec. 2013",
  note          = "[Accès Avril-2017]"
}

% (24) BEM (2017), adresse: https://medium.com/@ABCDE_line/bem-en-équipe-agile-8eeca0f740b3
@electronic{webArticle24,
  author        = "NAdeline Boizieau",
  
  title         = "BEM en équipe agile",
  url           = "https://medium.com/@ABCDE_line/bem-en-équipe-agile-8eeca0f740b3",
  year          = "Aout. 2015",
  note          = "[Accès Mai-2017]"
}
% (25) Foundation (2017), adresse: http://www.ackwa.fr/technologies/framework/zurb.html
@electronic{webArticle25,
  author        = "",
  organization  = "ZURB Foundation",
  title         = "Responsive front-end framework",
  url           = "http://www.ackwa.fr/technologies/framework/zurb.html",
  year          = "",
  note          = "[Accès Avril-2017]"
}

% (26) Angular (2017), adresse: https://www.developpez.com/actu/93927/Angular-2-0-est-disponible-en-version-beta-le-framework-JavaScript-annonce-un-gain-de-vitesse-impressionnant/

@electronic{webArticle26,
  author        = " Michael Guilloux",
  title         = "Angular 2.0 est disponible en version bêta",
  url           = "https://www.developpez.com/actu/93927/Angular-2-0-est-disponible-en-version-beta-le-framework-JavaScript-annonce-un-gain-de-vitesse-impressionnant/",
  year          = "Dec. 2015",
  note          = "[Accès Juin-2017]"
}
% (27) Mysql(2017), adresse: https://openclassrooms.com/courses/administrez-vos-bases-de-donnees-avec-mysql/introduction-14
@electronic{webArticle27,
  author        = "Chantal Gribaumont",
 
  title         = "Administrez vos bases de données avec MySQL ",
  url           = "https://openclassrooms.com/courses/administrez-vos-bases-de-donnees-avec-mysql/introduction-14",
  year          = "Fev. 2017",
  note          = "[Accès Mai-2017]"
}

% (28) UML (2017), adresse : http://www.omg.org/spec/UML/2.4.1/Infrastructure

@electronic{webArticle28,
  author        = "",
  organization  = "www.omg.org",
  title         = "Unified Modeling Language",
  url           = "http://www.omg.org/spec/UML/2.4.1/Infrastructure",
  year          = "30-May-2017 ",
  note          = "[Accès Juin-2017]"
}
% (29) Enterprise Arichtect (2017), adresse : http://www.commentcamarche.net/download/telecharger-34066607-enterprise-architect-for-uml

@electronic{webArticle29,
  author        = "",
  organization  = "Sparx Systems",
  title         = "Enterprise Architect for UML",
  url           = "http://www.commentcamarche.net/download/telecharger-34066607-enterprise-architect-for-uml",
  year          = "",
  note          = "[Accès Avril-2017]"
}

@electronic{webArticle30,
  author        = "NOM Auteur",
  organization  = "Organisme",
  title         = "titre de l'article",
  url           = "http://www.exemple-lien.org/article/?id\_art=124",
  year          = "Jan. 2015",
  note          = "[Accès le 19-Janvier-2016]"
}


